@misc{garrigos-2023-handbook,
  author = {Garrigos, Guillaume and Gower, Robert M},
  title = {Handbook of Convergence Theorems for (Stochastic) Gradient Methods},
  url = {https://arxiv.org/abs/2301.11235},
  urldate = {2025-04-08},
  year = {2023},
  organization = {arXiv.org}
}

@misc{wikipediacontributors-2019-newtons,
  author = {Wikipedia Contributors},
  month = {04},
  publisher = {Wikimedia Foundation},
  title = {Newton's method},
  url = {https://en.wikipedia.org/wiki/Newton\%27s\_method},
  urldate = {2025-03-07},
  year = {2019},
  organization = {Wikipedia}
}

@misc{geeksforgeeks-2024-newtons,
  author = {GeeksforGeeks},
  month = {04},
  title = {Newton's method in Machine Learning},
  url = {https://www.geeksforgeeks.org/newtons-method-in-machine-learning/},
  urldate = {2025-03-07},
  year = {2024},
  organization = {GeeksforGeeks}
}

@misc{a2022-automatic,
  author = {Wikipedia Contributors},
  month = {10},
  title = {Automatic differentiation},
  url = {https://en.wikipedia.org/wiki/Automatic\_differentiation},
  urldate = {2025-03-07},
  year = {2022},
  organization = {Wikipedia}
}

@misc{wikipediacontributors-2019-taylor,
  author = {Wikipedia Contributors},
  month = {06},
  publisher = {Wikimedia Foundation},
  title = {Taylor series},
  url = {https://en.wikipedia.org/wiki/Taylor\_series},
  urldate = {2025-03-07},
  year = {2019},
  organization = {Wikipedia}
}

@misc{wikipediacontributors-2019-mean,
  author = {Wikipedia Contributors},
  month = {11},
  publisher = {Wikimedia Foundation},
  title = {Mean value theorem},
  url = {https://en.wikipedia.org/wiki/Mean\_value\_theorem},
  urldate = {2025-04-08},
  year = {2019},
  organization = {Wikipedia}
}

@book{recht-wright,
  title = {Optimization for Modern Data Analysis},
  author = {Benjamin Recht and Stephen J.~Wright},
  note = {Preprint available at \url{http://eecs.berkeley.edu/~brecht/opt4mlbook}},
  year = {2019}
}

@misc{kingma2017adammethodstochasticoptimization,
      title={Adam: A Method for Stochastic Optimization},
      author={Diederik P. Kingma and Jimmy Ba},
      year={2017},
      eprint={1412.6980},
      archivePrefix={arXiv},
      primaryClass={cs.LG},
      url={https://arxiv.org/abs/1412.6980},
}


@misc{lipschitz,
  author = {Wikipedia Contributors},
  month = {04},
  publisher = {Wikimedia Foundation},
  title = {Lipschitz continuity},
  url = {https://en.wikipedia.org/wiki/Lipschitz\_continuity},
  urldate = {2025-04-08},
  year = {2025},
  organization = {Wikipedia}
}
@misc{contributors-2020-stochastic,
  author = {Wikipedia Contributors},
  month = {04},
  title = {Stochastic gradient descent},
  url = {https://en.wikipedia.org/wiki/Stochastic\_gradient\_descent},
  urldate = {2025-04-08},
  year = {2020},
  organization = {Wikipedia}
}

@software{sleipnir,
author = {{Sleipnir contributors}},
license = {BSD-3-Clause},
title = {{Sleipnir}},
url = {https://github.com/SleipnirGroup/Sleipnir}
}

@article{ipopt,
  author = {WÃ¤chter, Andreas and Biegler, Lorenz T},
  pages = {25-57},
  title = {On the implementation of an interiorpoint filter linesearch algorithm for largescale nonlinear programming},
  doi = {10.1007/s101070040559y},
  url = {https://doi.org/10.1007/s101070040559y},
  volume = {106},
  year = {2006},
  journal = {Mathematical Programming}
}
